% Encoding: UTF-8

@Article{zou2009,
  author    = {Zou, Wei and Zhan, Meng},
  title     = {Splay states in a ring of coupled oscillators: From local to global coupling},
  journal   = {SIAM Journal on Applied Dynamical Systems},
  year      = {2009},
  volume    = {8},
  number    = {3},
  pages     = {1324--1340},
  publisher = {SIAM},
}

@Article{strogatz1993,
  author    = {Strogatz, Steven H and Mirollo, Renato E},
  title     = {Splay states in globally coupled Josephson arrays: Analytical prediction of Floquet multipliers},
  journal   = {Physical Review E},
  year      = {1993},
  volume    = {47},
  number    = {1},
  pages     = {220},
  publisher = {APS},
}

@Comment{jabref-meta: databaseType:biblatex;}
